<?xml version="1.0" encoding="UTF-8"?><collection xmlns="http://www.loc.gov/MARC21/slim"><record><leader>00615nam--2200193-u-4500</leader><controlfield tag="001">000056016</controlfield><controlfield tag="002">20161230</controlfield><controlfield tag="005">20161230201052</controlfield><controlfield tag="008">141202s1000------------r-----000-0-eng-d</controlfield><datafield ind1=" " ind2=" " tag="020"><subfield code="a">0471995290</subfield></datafield><datafield ind1=" " ind2=" " tag="040"><subfield code="a">IFIN-HH</subfield></datafield><datafield ind1=" " ind2=" " tag="080"><subfield code="a">523-52:524.8</subfield></datafield><datafield ind1="1" ind2=" " tag="100"><subfield code="a">Dermott, S.F</subfield></datafield><datafield ind1="1" ind2="0" tag="245"><subfield code="a">The origin of the solar system</subfield><subfield code="b">Proceedings of the nato advanced study institute at the university of newcastle-upon-tyme in 1976</subfield><subfield code="c">S.f. dermott (ed.)</subfield></datafield><datafield ind1=" " ind2=" " tag="260"><subfield code="a">Chichester</subfield><subfield code="b">John Wiley And Sons</subfield><subfield code="c">1976</subfield></datafield><datafield ind1=" " ind2=" " tag="300"><subfield code="a">XVII+668P</subfield></datafield><datafield ind1=" " ind2=" " tag="490"><subfield code="a">Nato Advanced Study Institute</subfield></datafield><datafield ind1=" " ind2=" " tag="852"><subfield code="a">46228</subfield><subfield code="c">523</subfield></datafield><datafield ind1=" " ind2=" " tag="CAT"><subfield code="a">Sys</subfield><subfield code="c">20141202</subfield><subfield code="h">182442</subfield></datafield></record></collection>